
@misc{_guia_????,
	title = {La guia {PMBOK}},
	url = {http://uacm123.weebly.com/},
	abstract = {La guía del PMBOK  es un estándar en la Administración de proyectos desarrollado por el Project Management Institute (PMI). Define la dirección de proyectos y otros conceptos relacionados, y...},
	urldate = {2016-04-02},
	journal = {La guia PMBOK},
	file = {Snapshot:files/10/uacm123.weebly.com.html:text/html}
}

@misc{_json_????,
	title = {{JSON}},
	url = {http://www.json.org/json-es.html},
	urldate = {2016-04-02},
	file = {JSON:files/6/json-es.html:text/html}
}

@misc{_gnu.org_????,
	title = {gnu.org},
	url = {http://www.gnu.org/philosophy/free-sw.es.html},
	urldate = {2016-04-02},
	file = {Snapshot:files/8/free-sw.es.html:text/html}
}

@misc{center_for_history_and_new_media_guirapida_????,
	title = {Guía rápida},
	url = {http://zotero.org/support/quick_start_guide},
	author = {{Center for History and New Media}},
	annote = {¡Bienvenido a Zotero!Mira la Guía de Inicio Rápido para aprender cómo empezar a recolectar, gestionar, citar y compartir tus fuentes de investigación.Gracias por instalar Zotero.}
}

@misc{_staking_????,
	title = {Staking a career on open source software's success},
	url = {https://opensource.com/life/15/12/my-open-source-story-tarus-balog},
	abstract = {"It was the best professional decision I've ever made," says OpenNMS CEO Tarus Balog.},
	urldate = {2016-04-02},
	journal = {Opensource.com},
	file = {Snapshot:files/22/my-open-source-story-tarus-balog.html:text/html}
}

@misc{_opennms_????,
	title = {The {OpenNMS} {Project}},
	url = {http://www.opennms.org/},
	urldate = {2016-04-02},
	file = {Snapshot:files/20/www.opennms.org.html:text/html}
}

@misc{_case_????,
	title = {Case studies on open source software {\textbar} {Joinup}},
	url = {https://joinup.ec.europa.eu/software/page/case-studies},
	urldate = {2016-04-02},
	file = {Case studies on open source software | Joinup:files/30/case-studies.html:text/html}
}

@misc{_sistema_????,
	title = {Sistema de {Gestión} - itpeople},
	url = {http://www.itpeople.cl/nuestros-estandares/sistema-de-gestion/},
	urldate = {2016-04-02},
	file = {Sistema de Gestión - itpeople:files/12/sistema-de-gestion.html:text/html}
}

@misc{verificada_ryo_567_2015,
	type = {microblog},
	title = {@{Ryo}\_567 \#{RAEconsultas} {Si} la sigla tiene ya un uso plenamente asentado ({API}, {GPS}, {USB}, {ABS}), no es necesario traducirla.},
	url = {https://twitter.com/RAEinforma/status/559716363376541696},
	urldate = {2016-04-02},
	journal = {@RAEinforma},
	author = {verificada, RAE Cuenta},
	year = {2015},
	file = {Tweet Snapshot:files/14/verificada - 2015 - @Ryo_567 #RAEconsultas Si la sigla tiene ya un uso.html:text/html}
}